
@misc{DigUni,
author = "John Gantz and David Reinsel",
title = "The Digital Universe Decade – Are You Ready?",
year = "2010",
howpublished={\url{http://www.emc.com/collateral/analyst-reports/idc-digital-universe-are-you-ready.pdf}}
}

@misc{InfOver,
author = "Jonathan B. Spira",
title = {{Information Overload: Now 900 Billion – What is Your Organization’s Exposure?}},
year = 2008,
howpublished={\url{http://bit.ly/1coHvYF}}
}

@book{DMining,
author = {Gordon S.Linoff, Michael J.A. Berry},
title = {Data Mining Techniques},
publisher = {Wiley},
year = {2011},
edition = {third}
}

@book{Horzyk,
author = {Adrian Horzyk},
title = "Sztuczne systemy skojarzeniowe i asocjacyjna sztuczna inteligencja",
publisher = "Akademicka Oficyna Wudawnicza Exit",
year = {2013},
address = "Warszawa"
}

@book{webMining,
author = {Bing Liu},
title = {Web Data Mining},
publisher = {Springer},
edition = {second},
year = {2011}
}

@article{BrinLawrence,
author = {Brin S. and P. Lawrence},
title = {The anatomy of a large-scale hypertextual web search engine},
journal = {Computer {N}etworks},
year = {1998},
volume = {30},
number = {1-7},
pages = {107-117}
}

@manual{webCrawling,
author = {Carlos Castillo and Ricardo Baeza-Yates},
title = {Web Crawling},
organization = {Universitat Pompeu Fabra},
note = {\url{http://grupoweb.upf.es/WRG/course/slides/crawling.pdf}}
}

@article{FocusedCrawlers,
author = {Soumen Chakrabarti, Martin van den Berg, and Byron Dom},
title = {Focused crawling: a new approach to topic-specific web resource discovery},
journal = {Computer {N}etworks},
year = {1999},
volume = {31},
number = {11-16},
pages = {1623-1640}
}

@article{biasedCrawlers,
author = {M. Angeles Serrano, Ana Maguitman, Marian Boguna, Santo Fortunato, Alessandro Vespignani},
title = {Decoding the structure of the WWW: facts versus sampling biases},
journal = {ACM Transactions on the Web},
year = {2007},
volume = {1},
number = {10}
}

@misc{loadTime,
howpublished = {\url{http://analytics.blogspot.in/2012/04/global-site-speed-overview-how-fast-are.html}}
}

@misc{lemStem,
author = {Dariusz Mrozek},
title = {Wyszukiwanie pełnotekstowe},
organization = {Politechnika Śląska},
howpublished = {\url{http://zti.polsl.pl/bdusm/BD3_FTS.pdf}}
}

@misc{spiderTraps,
author = {Gautam Pant, Padmini Srinivasan and Filippo Menczer},
title = {Crawling the {W}eb},
howpublished = {\url{http://citeseerx.ist.psu.edu/viewdoc/download?doi=10.1.1.62.4776&rep=rep1&type=pdf}}
}

@article{freshAge,
author = {Junghoo Cho and Hector Garcia - Molina},
title = {Effective page refresh policies for web crawlers},
journal = {{ACM} {T}ransactions on {D}atabase {S}ystems},
year = {2008},
volume = {28},
number = {4}
}

@manual{robotsTxt,
author = {Martijn Koster},
title = {A Standard for {R}obot {E}xclusion},
year = {1994},
note = {\url{http://www.robotstxt.org/orig.html}}
}

@book{teoriaGraf,
author = {Reinhard Diestel},
title = {Graph Theory},
edition = {4th},
year = {2010},
publisher = {Springer}
}

@book{graphDb,
author = {Ian Robinson, Jim Webber and Emil Eifrem},
title = {Graph {D}atabases},
year = {2013},
publisher = {O'{R}eilly}
}

@book{neo4jAction,
author = {Jonas Partner, Aleksa Vukotic and Nicki Watt},
title = {Neo4j in {A}ction},
year = {2012},
publisher = {Manning Publications}
}

@book{ooPrinc,
author = {Bertrand Meyer},
title = {Object - {O}riented {S}oftware {C}onstruction},
year = {1988},
publisher = {Prentice Hall}
}






